[gd_scene load_steps=9 format=2]

[ext_resource path="res://Scenes/Player/Player.tscn" type="PackedScene" id=1]
[ext_resource path="res://Assets/spaceshooter/Backgrounds/black.png" type="Texture" id=2]
[ext_resource path="res://Assets/spaceshooter/PNG/Effects/star1.png" type="Texture" id=3]
[ext_resource path="res://Scenes/MainGameplay/MainGameplay.gd" type="Script" id=4]
[ext_resource path="res://Scenes/UI/UI.tscn" type="PackedScene" id=5]
[ext_resource path="res://Scenes/UI/GameOver/GameOver.tscn" type="PackedScene" id=6]
[ext_resource path="res://Assets/Orbital Colossus.wav" type="AudioStream" id=7]

[sub_resource type="ParticlesMaterial" id=1]
emission_shape = 2
emission_box_extents = Vector3( 380, 1, 1 )
flag_disable_z = true
direction = Vector3( 0, 1, 0 )
spread = 2.0
gravity = Vector3( 0, 0, 0 )
initial_velocity = 150.0
initial_velocity_random = 0.15
angular_velocity = 10.0
angular_velocity_random = 0.3
orbit_velocity = 0.0
orbit_velocity_random = 0.0
angle = 45.0
angle_random = 0.3
scale = 1.4
scale_random = 1.0

[node name="MainGameplay" type="Node2D"]
script = ExtResource( 4 )

[node name="Sprite" type="Sprite" parent="."]
position = Vector2( 269.58, 478.948 )
scale = Vector2( 2.1995, 3.84833 )
z_index = -20
texture = ExtResource( 2 )

[node name="Player" parent="." instance=ExtResource( 1 )]
position = Vector2( 270, 850 )

[node name="FakeParalax" type="Particles2D" parent="."]
modulate = Color( 1, 1, 1, 0.431373 )
position = Vector2( 243.458, 0 )
z_index = -3
amount = 20
lifetime = 8.0
process_material = SubResource( 1 )
texture = ExtResource( 3 )

[node name="UI" parent="." instance=ExtResource( 5 )]
margin_right = 540.0
margin_bottom = 960.0

[node name="Overlay" type="CanvasLayer" parent="."]
layer = 20

[node name="GameOver" parent="Overlay" instance=ExtResource( 6 )]
visible = false

[node name="BackgroundMusic" type="AudioStreamPlayer" parent="."]
stream = ExtResource( 7 )
volume_db = -10.0
[connection signal="finished" from="BackgroundMusic" to="." method="_on_BackgroundMusic_finished"]
