[gd_scene load_steps=5 format=2]

[ext_resource path="res://Scenes/Enemies/EnemyBlack3.tscn" type="PackedScene" id=1]
[ext_resource path="res://Scenes/Waves/Formacao.gd" type="Script" id=2]

[sub_resource type="Animation" id=1]
resource_name = "Circulo"
length = 1.6
loop = true
tracks/0/type = "value"
tracks/0/path = NodePath("Container/EnemyBlack3:position")
tracks/0/interp = 1
tracks/0/loop_wrap = true
tracks/0/imported = false
tracks/0/enabled = true
tracks/0/keys = {
"times": PoolRealArray( 0, 0.8 ),
"transitions": PoolRealArray( -2, -2 ),
"update": 0,
"values": [ Vector2( 0, -100 ), Vector2( 0, 100 ) ]
}
tracks/1/type = "value"
tracks/1/path = NodePath("Container/EnemyBlack4:position")
tracks/1/interp = 1
tracks/1/loop_wrap = true
tracks/1/imported = false
tracks/1/enabled = true
tracks/1/keys = {
"times": PoolRealArray( 0.1, 0.9 ),
"transitions": PoolRealArray( -2, -2 ),
"update": 0,
"values": [ Vector2( 38.2683, -92.3879 ), Vector2( -38.268, 92.388 ) ]
}
tracks/2/type = "value"
tracks/2/path = NodePath("Container/EnemyBlack5:position")
tracks/2/interp = 1
tracks/2/loop_wrap = true
tracks/2/imported = false
tracks/2/enabled = true
tracks/2/keys = {
"times": PoolRealArray( 0.2, 1 ),
"transitions": PoolRealArray( -2, -2 ),
"update": 0,
"values": [ Vector2( 70.711, -70.711 ), Vector2( -70.711, 70.711 ) ]
}
tracks/3/type = "value"
tracks/3/path = NodePath("Container/EnemyBlack6:position")
tracks/3/interp = 1
tracks/3/loop_wrap = true
tracks/3/imported = false
tracks/3/enabled = true
tracks/3/keys = {
"times": PoolRealArray( 0.3, 1.1 ),
"transitions": PoolRealArray( -2, -2 ),
"update": 0,
"values": [ Vector2( 92.3879, -38.2683 ), Vector2( -92.388, 38.268 ) ]
}
tracks/4/type = "value"
tracks/4/path = NodePath("Container/EnemyBlack7:position")
tracks/4/interp = 1
tracks/4/loop_wrap = true
tracks/4/imported = false
tracks/4/enabled = true
tracks/4/keys = {
"times": PoolRealArray( 0.4, 1.2 ),
"transitions": PoolRealArray( -2, -2 ),
"update": 0,
"values": [ Vector2( 100, 0 ), Vector2( -100, 0 ) ]
}
tracks/5/type = "value"
tracks/5/path = NodePath("Container/EnemyBlack8:position")
tracks/5/interp = 1
tracks/5/loop_wrap = true
tracks/5/imported = false
tracks/5/enabled = true
tracks/5/keys = {
"times": PoolRealArray( 0.5, 1.3 ),
"transitions": PoolRealArray( -2, -2 ),
"update": 0,
"values": [ Vector2( 92.388, 38.268 ), Vector2( -92.388, -38.268 ) ]
}
tracks/6/type = "value"
tracks/6/path = NodePath("Container/EnemyBlack9:position")
tracks/6/interp = 1
tracks/6/loop_wrap = true
tracks/6/imported = false
tracks/6/enabled = true
tracks/6/keys = {
"times": PoolRealArray( 0.6, 1.4 ),
"transitions": PoolRealArray( -2, -2 ),
"update": 0,
"values": [ Vector2( 70.7107, 70.7107 ), Vector2( -70.711, -70.711 ) ]
}
tracks/7/type = "value"
tracks/7/path = NodePath("Container/EnemyBlack10:position")
tracks/7/interp = 1
tracks/7/loop_wrap = true
tracks/7/imported = false
tracks/7/enabled = true
tracks/7/keys = {
"times": PoolRealArray( 0.7, 1.5 ),
"transitions": PoolRealArray( -2, -2 ),
"update": 0,
"values": [ Vector2( 38.2683, 92.3879 ), Vector2( -38.268, -92.388 ) ]
}
tracks/8/type = "method"
tracks/8/path = NodePath("Container/EnemyBlack3")
tracks/8/interp = 1
tracks/8/loop_wrap = true
tracks/8/imported = false
tracks/8/enabled = true
tracks/8/keys = {
"times": PoolRealArray( 0.8 ),
"transitions": PoolRealArray( 1 ),
"values": [ {
"args": [  ],
"method": "_shoot"
} ]
}
tracks/9/type = "method"
tracks/9/path = NodePath("Container/EnemyBlack4")
tracks/9/interp = 1
tracks/9/loop_wrap = true
tracks/9/imported = false
tracks/9/enabled = true
tracks/9/keys = {
"times": PoolRealArray( 0.9 ),
"transitions": PoolRealArray( 1 ),
"values": [ {
"args": [  ],
"method": "_shoot"
} ]
}
tracks/10/type = "method"
tracks/10/path = NodePath("Container/EnemyBlack8")
tracks/10/interp = 1
tracks/10/loop_wrap = true
tracks/10/imported = false
tracks/10/enabled = true
tracks/10/keys = {
"times": PoolRealArray( 0.5, 1.3 ),
"transitions": PoolRealArray( 1, 1 ),
"values": [ {
"args": [  ],
"method": "_shoot"
}, {
"args": [  ],
"method": "_shoot"
} ]
}
tracks/11/type = "method"
tracks/11/path = NodePath("Container/EnemyBlack9")
tracks/11/interp = 1
tracks/11/loop_wrap = true
tracks/11/imported = false
tracks/11/enabled = true
tracks/11/keys = {
"times": PoolRealArray( 0.6, 1.4 ),
"transitions": PoolRealArray( 1, 1 ),
"values": [ {
"args": [  ],
"method": "_shoot"
}, {
"args": [  ],
"method": "_shoot"
} ]
}

[sub_resource type="Animation" id=2]
resource_name = "Start"
length = 0.5
tracks/0/type = "value"
tracks/0/path = NodePath("Container:position")
tracks/0/interp = 1
tracks/0/loop_wrap = true
tracks/0/imported = false
tracks/0/enabled = true
tracks/0/keys = {
"times": PoolRealArray( 0, 0.5 ),
"transitions": PoolRealArray( 1, 1 ),
"update": 0,
"values": [ Vector2( 270, -90 ), Vector2( 270, 270 ) ]
}

[node name="Formacao3" type="Node2D"]
script = ExtResource( 2 )

[node name="AnimationPlayer" type="AnimationPlayer" parent="."]
autoplay = "Start"
playback_speed = 0.6
anims/Circulo = SubResource( 1 )
anims/Start = SubResource( 2 )
next/Start = "Circulo"

[node name="Container" type="Node2D" parent="."]
position = Vector2( 270, 270 )
scale = Vector2( 2, 2 )

[node name="EnemyBlack3" parent="Container" instance=ExtResource( 1 )]
position = Vector2( 0, -100 )

[node name="EnemyBlack4" parent="Container" instance=ExtResource( 1 )]
position = Vector2( 35.8765, -86.6137 )

[node name="EnemyBlack5" parent="Container" instance=ExtResource( 1 )]
position = Vector2( 53.0332, -53.0332 )

[node name="EnemyBlack6" parent="Container" instance=ExtResource( 1 )]
position = Vector2( 40.4197, -16.7425 )

[node name="EnemyBlack7" parent="Container" instance=ExtResource( 1 )]

[node name="EnemyBlack8" parent="Container" instance=ExtResource( 1 )]
position = Vector2( -40.4197, -16.7422 )

[node name="EnemyBlack9" parent="Container" instance=ExtResource( 1 )]
position = Vector2( -53.0333, -53.0333 )

[node name="EnemyBlack10" parent="Container" instance=ExtResource( 1 )]
position = Vector2( -35.8762, -86.6138 )
