[gd_scene load_steps=13 format=2]

[ext_resource path="res://Assets/effects/Normal_Explosion/regularExplosion01.png" type="Texture" id=1]
[ext_resource path="res://Assets/effects/Normal_Explosion/regularExplosion02.png" type="Texture" id=2]
[ext_resource path="res://Assets/effects/Normal_Explosion/regularExplosion04.png" type="Texture" id=3]
[ext_resource path="res://Assets/effects/Normal_Explosion/regularExplosion03.png" type="Texture" id=4]
[ext_resource path="res://Assets/effects/Normal_Explosion/regularExplosion05.png" type="Texture" id=5]
[ext_resource path="res://Assets/effects/Normal_Explosion/regularExplosion00.png" type="Texture" id=6]
[ext_resource path="res://Assets/effects/Normal_Explosion/regularExplosion08.png" type="Texture" id=7]
[ext_resource path="res://Assets/effects/Normal_Explosion/regularExplosion07.png" type="Texture" id=8]
[ext_resource path="res://Assets/effects/Normal_Explosion/regularExplosion06.png" type="Texture" id=9]
[ext_resource path="res://Scenes/Effects/EnemyExplosion.gd" type="Script" id=10]
[ext_resource path="res://Assets/explosion.wav" type="AudioStream" id=11]

[sub_resource type="SpriteFrames" id=1]
animations = [ {
"frames": [ ExtResource( 6 ), ExtResource( 1 ), ExtResource( 2 ), ExtResource( 4 ), ExtResource( 3 ), ExtResource( 5 ), ExtResource( 9 ), ExtResource( 8 ), ExtResource( 7 ) ],
"loop": false,
"name": "default",
"speed": 11.0
} ]

[node name="EnemyExplosion" type="AnimatedSprite"]
frames = SubResource( 1 )
script = ExtResource( 10 )

[node name="Barulho" type="AudioStreamPlayer" parent="."]
stream = ExtResource( 11 )
volume_db = -15.0
[connection signal="animation_finished" from="." to="." method="_on_EnemyExplosion_animation_finished"]
